<record><leader>00000cas a22000007a 4500</leader><controlfield tag="001">28988217</controlfield><controlfield tag="008">931012d193619uuokuwr ne      0    0eng d</controlfield><controlfield tag="009">15907</controlfield><datafield ind1=" " ind2=" " tag="010"><subfield code="a">sn 93066128 </subfield></datafield><datafield ind1=" " ind2=" " tag="040"><subfield code="a">OBN</subfield><subfield code="b">eng</subfield><subfield code="c">OBN</subfield><subfield code="d">OCL</subfield><subfield code="d">OCLCQ</subfield></datafield><datafield ind1="1" ind2=" " tag="029"><subfield code="a">AU@</subfield><subfield code="b">000022801654</subfield></datafield><datafield ind1=" " ind2=" " tag="042"><subfield code="a">msc</subfield></datafield><datafield ind1="0" ind2="4" tag="245"><subfield code="a">The Tom-kat.</subfield></datafield><datafield ind1="3" ind2="0" tag="246"><subfield code="a">Tom kat</subfield></datafield><datafield ind1=" " ind2=" " tag="260"><subfield code="a">Enid, Okla. :</subfield><subfield code="b">Kaustic Kibitzers Klub</subfield></datafield><datafield ind1=" " ind2=" " tag="300"><subfield code="a">v.</subfield></datafield><datafield ind1=" " ind2=" " tag="310"><subfield code="a">Weekly</subfield></datafield><datafield ind1="0" ind2=" " tag="362"><subfield code="a">Vol. 3, no. 1 (May 11, 1936)-</subfield></datafield><datafield ind1=" " ind2=" " tag="500"><subfield code="a">"Official bulletin of the Kaustic Kibitzer Klub."</subfield></datafield><datafield ind1=" " ind2="4" tag="651"><subfield code="a">Enid (Okla.)</subfield><subfield code="v">Newspapers.</subfield></datafield><datafield ind1=" " ind2="4" tag="651"><subfield code="a">Garfield County (Okla.)</subfield><subfield code="v">Newspapers.</subfield></datafield><datafield ind1=" " ind2=" " tag="752"><subfield code="a">United States</subfield><subfield code="b">Oklahoma</subfield><subfield code="c">Garfield</subfield><subfield code="d">Enid.</subfield></datafield><datafield ind1="0" ind2="0" tag="780"><subfield code="t">Hoot owl</subfield><subfield code="w">(DLC)sn 93066127</subfield><subfield code="w">(OCoLC)28987473</subfield></datafield></record>